<record><leader>00000cas a2200000 a 4500</leader><controlfield tag="001">15064250</controlfield><controlfield tag="008">870113d19871998caudr ne      0   a0eng c</controlfield><datafield ind1=" " ind2=" " tag="010"><subfield code="a">sn 87033011 </subfield></datafield><datafield ind1=" " ind2=" " tag="040"><subfield code="a">CLU</subfield><subfield code="b">eng</subfield><subfield code="c">CLU</subfield><subfield code="d">OCL</subfield><subfield code="d">NSD</subfield><subfield code="d">CNK</subfield><subfield code="d">CLU</subfield><subfield code="d">CNK</subfield><subfield code="d">OCLCQ</subfield><subfield code="d">CNK</subfield><subfield code="d">OCLCF</subfield><subfield code="d">OCLCO</subfield></datafield><datafield ind1=" " ind2=" " tag="012"><subfield code="i">8804</subfield><subfield code="m">1</subfield></datafield><datafield ind1="1" ind2=" " tag="022"><subfield code="a">0898-5375</subfield><subfield code="l">0898-5375</subfield><subfield code="2">1</subfield></datafield><datafield ind1="1" ind2=" " tag="029"><subfield code="a">AU@</subfield><subfield code="b">000025835726</subfield></datafield><datafield ind1=" " ind2=" " tag="032"><subfield code="a">181160</subfield><subfield code="b">USPS</subfield></datafield><datafield ind1=" " ind2=" " tag="037"><subfield code="b">The Outlook, 1920 Colorado Ave., Santa Monica, CA 90404</subfield></datafield><datafield ind1=" " ind2=" " tag="042"><subfield code="a">pcc</subfield><subfield code="a">nsdp</subfield></datafield><datafield ind1=" " ind2=" " tag="043"><subfield code="a">n-us-ca</subfield></datafield><datafield ind1="0" ind2=" " tag="130"><subfield code="a">Outlook (Santa Monica, Calif.)</subfield></datafield><datafield ind1=" " ind2="4" tag="222"><subfield code="a">The Outlook</subfield><subfield code="b">(Santa Monica, Calif.)</subfield></datafield><datafield ind1="0" ind2="4" tag="245"><subfield code="a">The outlook.</subfield></datafield><datafield ind1="3" ind2=" " tag="246"><subfield code="a">Daily breeze</subfield></datafield><datafield ind1=" " ind2=" " tag="260"><subfield code="a">Santa Monica, Calif. :</subfield><subfield code="b">Bertram E. Winrow,</subfield><subfield code="c">1987-1998.</subfield></datafield><datafield ind1=" " ind2=" " tag="300"><subfield code="a">12 v. :</subfield><subfield code="b">ill. ;</subfield><subfield code="c">58 cm.</subfield></datafield><datafield ind1=" " ind2=" " tag="310"><subfield code="a">Daily</subfield></datafield><datafield ind1="0" ind2=" " tag="362"><subfield code="a">112th year, no. 1 (Jan. 1, 1987)-123rd year, no. 63 (Mar. 14, 1998).</subfield></datafield><datafield ind1=" " ind2=" " tag="500"><subfield code="a">Issued on Sundays as: Daily breeze, Outlook ed.</subfield></datafield><datafield ind1=" " ind2=" " tag="500"><subfield code="a">A Copley Los Angeles newspaper.</subfield></datafield><datafield ind1=" " ind2=" " tag="530"><subfield code="a">Master negatives are available for duplication from:</subfield><subfield code="b">California Newspaper Microfilm Archive;</subfield><subfield code="c">positive copies may be purchased by the reel; for further information consult the CNMA at:</subfield><subfield code="u">http://cbsr.ucr.edu</subfield></datafield><datafield ind1=" " ind2="0" tag="651"><subfield code="a">Santa Monica (Calif.)</subfield><subfield code="v">Newspapers.</subfield></datafield><datafield ind1=" " ind2="7" tag="655"><subfield code="a">Newspapers.</subfield><subfield code="2">fast</subfield><subfield code="0">(OCoLC)fst01423814</subfield></datafield><datafield ind1=" " ind2="7" tag="651"><subfield code="a">California</subfield><subfield code="z">Santa Monica.</subfield><subfield code="2">fast</subfield><subfield code="0">(OCoLC)fst01204506</subfield></datafield><datafield ind1=" " ind2=" " tag="752"><subfield code="a">United States</subfield><subfield code="b">California</subfield><subfield code="c">Los Angeles</subfield><subfield code="d">Santa Monica.</subfield></datafield><datafield ind1="0" ind2=" " tag="775"><subfield code="t">West L.A. independent</subfield><subfield code="w">(DLC)sn2010271050</subfield></datafield><datafield ind1="0" ind2="0" tag="780"><subfield code="t">Evening outlook</subfield><subfield code="x">0889-826X</subfield><subfield code="w">(DLC)sn 86002230</subfield><subfield code="w">(OCoLC)11576124</subfield></datafield><datafield ind1=" " ind2=" " tag="850"><subfield code="a">CLU</subfield></datafield></record>